@article{Nemirovski:2009:RSA:1654243.1654247,
 author = {Nemirovski, A. and Juditsky, A. and Lan, G. and Shapiro, A.},
 title = {Robust Stochastic Approximation Approach to Stochastic Programming},
 journal = {SIAM J. on Optimization},
 issue_date = {December 2008},
 volume = {19},
 number = {4},
 month = jan,
 year = {2009},
 issn = {1052-6234},
 pages = {1574--1609},
 numpages = {36},
 url = {http://dx.doi.org/10.1137/070704277},
 doi = {10.1137/070704277},
 acmid = {1654247},
 publisher = {Society for Industrial and Applied Mathematics},
 address = {Philadelphia, PA, USA},
 keywords = {Monte Carlo sampling, complexity, minimax problems, mirror descent algorithm, saddle point, sample average approximation method, stochastic approximation, stochastic programming},
} 

@inproceedings{Mao:2011:AMC:2063384.2063449,
 author = {Mao, Ming and Humphrey, Marty},
 title = {Auto-scaling to Minimize Cost and Meet Application Deadlines in Cloud Workflows},
 booktitle = {Proceedings of 2011 International Conference for High Performance Computing, Networking, Storage and Analysis},
 series = {SC '11},
 year = {2011},
 isbn = {978-1-4503-0771-0},
 location = {Seattle, Washington},
 pages = {49:1--49:12},
 articleno = {49},
 numpages = {12},
 url = {http://doi.acm.org/10.1145/2063384.2063449},
 doi = {10.1145/2063384.2063449},
 acmid = {2063449},
 publisher = {ACM},
 address = {New York, NY, USA},
 keywords = {auto-scaling, cloud computing, cost-minimization},
} 

@INPROCEEDINGS{6008748, 
author={Roy, N. and Dubey, A. and Gokhale, A.}, 
booktitle={Cloud Computing (CLOUD), 2011 IEEE International Conference on}, 
title={Efficient Autoscaling in the Cloud Using Predictive Models for Workload
Forecasting}, 
year={2011}, 
month={July}, 
pages={500-507}, 
keywords={cloud computing;object-oriented programming;quality of
service;resource allocation;auto scaling mechanisms;client workload
patterns;cloud computing;cloud resources;model-predictive algorithm;optimal
resource allocation;quality of service;workload forecasting;Cost
function;Prediction algorithms;Quality of service;Resource
management;Throughput;Time factors;Virtual machining;autoscaling;cloud
computing;performance models;predictive models;workload forecasting}, 
doi={10.1109/CLOUD.2011.42}, 
ISSN={2159-6182},}

@inproceedings{Dredze:2008:CLC:1390156.1390190,
 author = {Dredze, Mark and Crammer, Koby and Pereira, Fernando},
 title = {Confidence-weighted Linear Classification},
 booktitle = {Proceedings of the 25th International Conference on Machine Learning},
 series = {ICML '08},
 year = {2008},
 isbn = {978-1-60558-205-4},
 location = {Helsinki, Finland},
 pages = {264--271},
 numpages = {8},
 url = {http://doi.acm.org/10.1145/1390156.1390190},
 doi = {10.1145/1390156.1390190},
 acmid = {1390190},
 publisher = {ACM},
 address = {New York, NY, USA},
} 
@inproceedings{Carvalho:2006:SOL:1150402.1150466,
 author = {Carvalho, Vitor R. and Cohen, William W.},
 title = {Single-pass Online Learning: Performance, Voting Schemes and Online Feature Selection},
 booktitle = {Proceedings of the 12th ACM SIGKDD International Conference on Knowledge Discovery and Data Mining},
 series = {KDD '06},
 year = {2006},
 isbn = {1-59593-339-5},
 location = {Philadelphia, PA, USA},
 pages = {548--553},
 numpages = {6},
 url = {http://doi.acm.org/10.1145/1150402.1150466},
 doi = {10.1145/1150402.1150466},
 acmid = {1150466},
 publisher = {ACM},
 address = {New York, NY, USA},
 keywords = {averaging, online learning, voting, winnow},
} 

@inproceedings{Bordes:2005:HSE:2130928.2130979,
 author = {Bordes, Antoine and Bottou, L{\'e}on},
 title = {The Huller: A Simple and Efficient Online SVM},
 booktitle = {Proceedings of the 16th European Conference on Machine Learning},
 series = {ECML'05},
 year = {2005},
 isbn = {3-540-29243-8, 978-3-540-29243-2},
 location = {Porto, Portugal},
 pages = {505--512},
 numpages = {8},
 url = {http://dx.doi.org/10.1007/11564096_48},
 doi = {10.1007/11564096_48},
 acmid = {2130979},
 publisher = {Springer-Verlag},
 address = {Berlin, Heidelberg},
} 


@inproceedings{pserver1,
  author = {Ho, Qirong and Cipar, James and Cui, Henggang and Lee, Seunghak and Kim, Jin Kyu and Gibbons, Phillip B. and Gibson, Garth A. and Ganger, Gregory R. and Xing, Eric P.},
  booktitle = {NIPS workshop on BigLearning},
  keywords = {dblp},
  pages = {1223-1231},
  title = {More Effective Distributed ML via a Stale Synchronous Parallel Parameter Server.},
  url = {http://dblp.uni-trier.de/db/conf/nips/nips2013.html#HoCCLKGGGX13},
  year = 2013
}
% TODO: Fix this lousy reference.
@inproceedings{pserver2,
  added-at = {2014-01-08T00:00:00.000+0100},
  author = {Li, Mu and Zhou, Li and Yang, Z and Li, A and Xia, Fei and Andersen, D and Smola, A},
  booktitle = {NIPS workshop on BigLearning},
  keywords = {dblp},
  timestamp = {2014-01-08T00:00:00.000+0100},
  title = {Parameter Server for Distributed Machine Learning},
  year = 2013
}
@inproceedings{dataset,
 author = {Ma, Justin and Saul, Lawrence K. and Savage, Stefan and Voelker, Geoffrey M.},
 title = {Identifying Suspicious URLs: An Application of Large-scale Online Learning},
 booktitle = {Proceedings of the 26th Annual International Conference on Machine Learning},
 series = {ICML '09},
 year = {2009},
 isbn = {978-1-60558-516-1},
 location = {Montreal, Quebec, Canada},
 pages = {681--688},
 numpages = {8},
 url = {http://doi.acm.org/10.1145/1553374.1553462},
 doi = {10.1145/1553374.1553462},
 acmid = {1553462},
 publisher = {ACM},
 address = {New York, NY, USA},
}
@article{fitzpatrick2004distributed,
  title={Distributed caching with memcached},
  author={Fitzpatrick, Brad},
  journal={Linux journal},
  volume={2004},
  number={124},
  pages={5},
  year={2004},
  publisher={Belltown Media}
}
@article{wahlberg2012admm2,
  title={An ADMM algorithm for a class of total variation regularized estimation problems},
  author={Wahlberg, Bo and Boyd, Stephen and Annergren, Mariette and Wang, Yang},
  journal={arXiv preprint arXiv:1203.1828},
  year={2012}
}
@article{Smola,
author = {Smola, Alexander J and Andersen, David G},
file = {:Users/slund1/Downloads/amazon.pdf:pdf},
keywords = {alexander j,algorithms that take advantage,analyze,and implement novel inference,andersen,collaborative research,design,distributed inference algorithms for,machine learning,our goal is to,small,smola and david g},
title = {{Distributed Inference Algorithms for Machine Learning}}
}
@article{Dean,
author = {Dean, Jeffrey and Corrado, Greg S and Monga, Rajat and Chen, Kai and Devin, Matthieu and Le, Quoc V and Mao, Mark Z and Ranzato, Marc Aurelio and Senior, Andrew and Tucker, Paul and Yang, Ke and Ng, Andrew Y},
file = {:Users/slund1/Desktop/40565.pdf:pdf},
keywords = {andrew senior,andrew y,aurelio ranzato,corrado,ge scale distributed deep,greg s,jeffrey dean,kai chen,ke yang,le,mao,marc,mark z,matthieu devin,networks,ng,paul tucker,quoc v,rajat monga},
year = {2012},
journal = {NIPS},
title = {{Large Scale Distributed Deep Networks}}
}
@INPROCEEDINGS{hogwild,
    author = {Feng Niu and Benjamin Recht and Christopher RÃ© and Stephen J. Wright},
    title = {Hogwild: A Lock-Free Approach to Parallelizing Stochastic Gradient Descent},
    booktitle = {In NIPS},
    year = {2011}
}
@book{Mitchell,
 author = {Mitchell, Thomas M.},
 title = {Machine Learning},
 year = {1997},
 isbn = {0070428077, 9780070428072},
 edition = {1},
 publisher = {McGraw-Hill, Inc.},
 address = {New York, NY, USA},
}

@inproceedings{zinkevich2010parallelized,
  title={Parallelized stochastic gradient descent},
  author={Zinkevich, Martin and Weimer, Markus and Li, Lihong and Smola, Alex J},
  booktitle={Advances in Neural Information Processing Systems},
  pages={2595--2603},
  year={2010}
}


@inproceedings{ZinkevichWSL10,
  author    = {Martin Zinkevich and
               Markus Weimer and
               Alexander J. Smola and
               Lihong Li},
  title     = {Parallelized Stochastic Gradient Descent},
  booktitle = {NIPS},
  year      = {2010},
  pages     = {2595-2603},
  ee        = {http://books.nips.cc/papers/files/nips23/NIPS2010_1162.pdf},
  bibsource = {DBLP, http://dblp.uni-trier.de}
}

@article{shotgun,
  author    = {Joseph K. Bradley and
               Aapo Kyrola and
               Danny Bickson and
               Carlos Guestrin},
  title     = {Parallel Coordinate Descent for L1-Regularized Loss Minimization},
  journal   = {CoRR},
  volume    = {abs/1105.5379},
  year      = {2011},
  ee        = {http://arxiv.org/abs/1105.5379},
  bibsource = {DBLP, http://dblp.uni-trier.de}
}

