@inproceedings{Dredze:2008:CLC:1390156.1390190,
 author = {Dredze, Mark and Crammer, Koby and Pereira, Fernando},
 title = {Confidence-weighted Linear Classification},
 booktitle = {Proceedings of the 25th International Conference on Machine Learning},
 series = {ICML '08},
 year = {2008},
 isbn = {978-1-60558-205-4},
 location = {Helsinki, Finland},
 pages = {264--271},
 numpages = {8},
 url = {http://doi.acm.org/10.1145/1390156.1390190},
 doi = {10.1145/1390156.1390190},
 acmid = {1390190},
 publisher = {ACM},
 address = {New York, NY, USA},
} 
@inproceedings{Carvalho:2006:SOL:1150402.1150466,
 author = {Carvalho, Vitor R. and Cohen, William W.},
 title = {Single-pass Online Learning: Performance, Voting Schemes and Online Feature Selection},
 booktitle = {Proceedings of the 12th ACM SIGKDD International Conference on Knowledge Discovery and Data Mining},
 series = {KDD '06},
 year = {2006},
 isbn = {1-59593-339-5},
 location = {Philadelphia, PA, USA},
 pages = {548--553},
 numpages = {6},
 url = {http://doi.acm.org/10.1145/1150402.1150466},
 doi = {10.1145/1150402.1150466},
 acmid = {1150466},
 publisher = {ACM},
 address = {New York, NY, USA},
 keywords = {averaging, online learning, voting, winnow},
} 

@inproceedings{Bordes:2005:HSE:2130928.2130979,
 author = {Bordes, Antoine and Bottou, L{\'e}on},
 title = {The Huller: A Simple and Efficient Online SVM},
 booktitle = {Proceedings of the 16th European Conference on Machine Learning},
 series = {ECML'05},
 year = {2005},
 isbn = {3-540-29243-8, 978-3-540-29243-2},
 location = {Porto, Portugal},
 pages = {505--512},
 numpages = {8},
 url = {http://dx.doi.org/10.1007/11564096_48},
 doi = {10.1007/11564096_48},
 acmid = {2130979},
 publisher = {Springer-Verlag},
 address = {Berlin, Heidelberg},
} 


@inproceedings{pserver1,
  author = {Ho, Qirong and Cipar, James and Cui, Henggang and Lee, Seunghak and Kim, Jin Kyu and Gibbons, Phillip B. and Gibson, Garth A. and Ganger, Gregory R. and Xing, Eric P.},
  booktitle = {NIPS workshop on BigLearning},
  keywords = {dblp},
  pages = {1223-1231},
  title = {More Effective Distributed ML via a Stale Synchronous Parallel Parameter Server.},
  url = {http://dblp.uni-trier.de/db/conf/nips/nips2013.html#HoCCLKGGGX13},
  year = 2013
}
% TODO: Fix this lousy reference.
@inproceedings{pserver2,
  added-at = {2014-01-08T00:00:00.000+0100},
  author = {Li, Mu and Zhou, Li and Yang, Z and Li, A and Xia, Fei and Andersen, D and Smola, A},
  booktitle = {NIPS workshop on BigLearning},
  keywords = {dblp},
  timestamp = {2014-01-08T00:00:00.000+0100},
  title = {Parameter Server for Distributed Machine Learning},
  year = 2013
}
